@BOOK{ansorge:1999,
  title = {{'Ergonomie geprüft' -- Das Ende der Benutzungsprobleme?}},
  publisher = {Universität Bremen, Technologiezentrums Informatik (TZI-ISI)},
  year = {1999},
  author = {P. Ansorge and G. Frick and J. Friedrich and U. Haupt},
  note = {\href{http://www.akziv.com/Dokumente/Ansorge_Frick_Friedrich_Haupt_1999_Ergonomie_geprueft.pdf}
	{http://www.akziv.com/Dokumente/\\ Ansorge\_Frick\_Friedrich\_Haupt\_1999\_Ergonomie\_geprueft.pdf}},
  journal = {IM - Die Fachzeitschrift für Information Management \& Consulting},
  lastchecked = {01.07.2006},
  pages = {59-64}
}

@BOOK{balzert:SWT1,
  title = {Lehrbuch der Softwaretechnik 1},
  publisher = {Spektrum Akademischer Verlag, Heidelberg - Berlin},
  year = {2000},
  author = {H. Balzert},
  isbn = {{3-8274-0065-1}}
}

@MANUAL{Schalitz2007a,
  title = {Autorenanleitung zur Erstellung von \LaTeX-Dokumenten hoher Accessibility},
  author = {Babett Schalitz},
  organization = {Technische Universität Dresden},
  address = {Fakultät Informatik},
  edition = {Version 1},
  month = {April},
  year = {2007},
  owner = {Babett},
  timestamp = {2007.01.19}
}