This file was created with JabRef 2.1 beta.
Encoding: Cp1252

@MASTERSTHESIS{schalitz2007,
  author = {Babett Schalitz},
  title = {Accessibility-Erhöhung in \LaTeX-Dokumenten},
  school = {Technische Universität Dresden},
  year = {2007},
  type = {Diplomarbeit},
  address = {Informatik Fakultät},
  month = {April},
  owner = {Babett},
  timestamp = {2007.01.19}
}

@MANUAL{schalitz07,
  title = {Autorenanleitung zur Erstellung von \LaTeX-Dokumenten hoher Accessibility},
  author = {Babett Schalitz},
  organization = {Technische Universität Dresden},
  address = {Fakultät Informatik},
  edition = {Version 1},
  month = {April},
  year = {2007},
  owner = {Babett},
  timestamp = {2007.01.19}
}

@BOOK{Merz2002,
  title = {Die PostScript \& PDF-Bibel},
  publisher = {dpunkt-Verlag, Heidelberg},
  year = {2002},
  editor = {PDFlib GmbH},
  author = {Thomas Merz and Olaf Drümmer},
  edition = {2.},
  note = {ISBN 3-935320-01-9},
  owner = {Babett},
  pdf = {D:\Hauptstudium\dieses Semester\diplomthema\Literatur\2002_Die PostScript- & PDF-Bibel.pdf},
  timestamp = {2007.01.19},
  url = {www.pdflib.com/bibel}
}

@MANUAL{Thanh1997,
  title = {The pdf\TeX\ user manual},
  author = {Han The Thanh and Sebastian Rahtz},
  organization = {TUGboat},
  month = {Dezember},
  year = {1997},
  owner = {Babett},
  timestamp = {2007.01.19}
}

@MANUAL{Thanh2006,
  title = {PDF\TeX\ - user manual},
  author = {Han The Thanh and Sebastian Rahtz and Hans Hagen and Hartmut Henkel},
  year = {2006},
  owner = {Babett},
  timestamp = {2007.01.19},
  url = {http://savorar.org/projects/pdftex/}
}

@BOOKLET{Rahtz2004,
  title = {Hypertext marks in \LaTeX: a manual for hyperref},
  author = {Sebastian Rahtz and Heiko Oberdiek},
  month = {Februar},
  year = {2004},
  owner = {Babett},
  timestamp = {2007.01.19},
  url = {ftp://ftp.dante.de/tex-archive/macros/latex/contrib/hyperref/doc/manual.pdf}
}

@BOOK{Kopka2000,
  title = {Band 1: Einführung},
  publisher = {Addison-Wesley Verlag},
  year = {2000},
  author = {Helmut Kopka},
  series = {\LaTeX},
  edition = {3.},
  note = {ISBN 3-8273-7038-8},
  owner = {Babett},
  timestamp = {2007.01.19}
}

@BOOK{Kopka2000b,
  title = {Band 3: Erweiterungen},
  publisher = {Addison-Wesley Verlag},
  year = {2000},
  author = {Helmut Kopka},
  series = {\LaTeX},
  edition = {3.},
  note = {ISBN 3-8273-7038-8},
  owner = {Babett},
  timestamp = {2007.01.19}
}

@BOOK{Kopka2000a,
  title = {Band 2: Ergänzungen},
  publisher = {Addison-Wesley Verlag},
  year = {2000},
  author = {Helmut Kopka},
  series = {\LaTeX},
  edition = {3.},
  note = {ISBN 3-8273-7038-8},
  owner = {Babett},
  timestamp = {2007.01.19}
}

@BOOK{Gossens1995,
  title = {Der \LaTeX-Begleiter},
  publisher = {Addison Wesley Publishing Company, Inc.},
  year = {1995},
  author = {Michel Gossens and Frank Mittelbach and Alexander Samarin},
  edition = {1.},
  note = {ISBN 3-89319-646-3},
  owner = {Babett},
  timestamp = {2007.01.19}
}

@TECHREPORT{Brams2000,
  author = {Johannes Brams and David Carlisle and Alan Jeffrey and Leslie Lamport
	and Frank Mittelbach and Chris Rowleya and Rainer Schöpf},
  title = {The \LaTeXe\ Sources},
  institution = {The Latex Project},
  year = {2000},
  month = {Juni},
  owner = {Babett},
  pdf = {D:\Hauptstudium\dieses Semester\diplomthema\Literatur\source2e.pdf},
  timestamp = {2007.01.19}
}

@BOOK{Adobe2004,
  title = {PDF Reference -- Adobe Portable Document Format Version 1.6},
  publisher = {Addison-Wesley},
  year = {2004},
  editor = {{Adobe Systems Inc.}},
  edition = {5.},
  note = {\href{http://www.adobe.com/devnet/pdf/pdf_reference.html}{http://www.adobe.com/devnet/pdf/pdf\textunderscore
	reference.html}},
  owner = {Babett},
  timestamp = {2006.11.10}
}

